<?xml version="1.0" encoding="UTF-8"?><collection xmlns="http://www.loc.gov/MARC21/slim"><record><leader>00478nam--2200145-i-4500</leader><controlfield tag="001">000036118</controlfield><controlfield tag="002">20161230</controlfield><controlfield tag="005">20161230201040</controlfield><controlfield tag="008">060222s1000------------r-----000-0-eng-d</controlfield><datafield ind1=" " ind2=" " tag="080"><subfield code="a">62-52:621.362</subfield></datafield><datafield ind1=" " ind2=" " tag="100"><subfield code="a">Naslin, P</subfield></datafield><datafield ind1=" " ind2=" " tag="245"><subfield code="a">Circuite logice si automatizari secventiale .traducere din lb. franceza dupa editia a -ii-a , 1965</subfield></datafield><datafield ind1=" " ind2=" " tag="260"><subfield code="a">Bucuresti, Editura Tehnica, 1967. 462p</subfield></datafield><datafield ind1=" " ind2=" " tag="490"><subfield code="a">Biblioteca De Automatizare Prelucrare Informatiilor Calculatoare</subfield></datafield><datafield ind1=" " ind2=" " tag="852"><subfield code="a">27353</subfield></datafield></record></collection>